<?xml version="1.0" encoding="UTF-8"?><record xmlns="http://www.loc.gov/MARC21/slim" xmlns:cinclude="http://apache.org/cocoon/include/1.0" xmlns:zs="http://www.loc.gov/zing/srw/">
  <leader>00695cz  a2200169n  4500</leader>
  <controlfield tag="001">n  83169047 </controlfield>
  <controlfield tag="003">DLC</controlfield>
  <controlfield tag="005">20120807082636.0</controlfield>
  <controlfield tag="008">831007n| acannaabn          |a ana      </controlfield>
  <datafield tag="010" ind1=" " ind2=" ">
    <subfield code="a">n  83169047 </subfield>
  </datafield>
  <datafield tag="035" ind1=" " ind2=" ">
    <subfield code="a">(OCoLC)oca00990531</subfield>
  </datafield>
  <datafield tag="040" ind1=" " ind2=" ">
    <subfield code="a">DLC</subfield>
    <subfield code="b">eng</subfield>
    <subfield code="c">DLC</subfield>
    <subfield code="d">OCoLC</subfield>
    <subfield code="d">DLC</subfield>
  </datafield>
  <datafield tag="111" ind1="2" ind2=" ">
    <subfield code="a">'82 Sŏul Kukche Muyŏk Pangnamhoe</subfield>
  </datafield>
  <datafield tag="411" ind1="2" ind2=" ">
    <subfield code="a">Seoul International Trade Fair '82</subfield>
  </datafield>
  <datafield tag="411" ind1="2" ind2=" ">
    <subfield code="a">Sŏul Kukche Muyŏk Pangnamhoe</subfield>
  </datafield>
  <datafield tag="667" ind1=" " ind2=" ">
    <subfield code="a">THIS 1XX FIELD CANNOT BE USED UNDER RDA UNTIL THIS RECORD HAS BEEN REVIEWED AND/OR UPDATED</subfield>
  </datafield>
  <datafield tag="670" ind1=" " ind2=" ">
    <subfield code="a">Its '82 Sŏul Kukche Muyŏk Pangnamhoe, 1983:</subfield>
    <subfield code="b">t.p. ('82 Sŏul Kukche Muyŏk Pangnamhoe) p. 4 (Held, 10/24-11/18/82) p. 42 (Seoul International Trade Fair '82)</subfield>
  </datafield>
</record>